@incollection{chapters/cuervo,author={M. Cristina Cuervo},title={{Datives as applicatives}},booktitle={{Datives structures in Romance and beyond}},editor={Anna Pineda and  Jaume Mateu  and  Ricardo Etxepare},publisher={Language Science Press.},Address={Berlin},year={\protect \kern +.1667em\relax 2019},pages={3--55},doi={??},options={skipbib=true,skiplab=true}}
@incollection{chapters/antonyuk,author={Svitlana Antonyuk },title={{The puzzle of Russian ditransitives}},booktitle={{Datives structures in Romance and beyond}},editor={Anna Pineda and  Jaume Mateu  and  Ricardo Etxepare},publisher={Language Science Press.},Address={Berlin},year={\protect \kern +.1667em\relax 2019},pages={57--89},doi={??},options={skipbib=true,skiplab=true}}
@incollection{chapters/calindro,author={Ana Regina Calindro},title={{Ditransitive constructions: what sets Brazilian Portuguese apart from other Romance languages?}},booktitle={{Datives structures in Romance and beyond}},editor={Anna Pineda and  Jaume Mateu  and  Ricardo Etxepare},publisher={Language Science Press.},Address={Berlin},year={\protect \kern +.1667em\relax 2019},pages={91--115},doi={??},options={skipbib=true,skiplab=true}}
@incollection{chapters/cepeda,author={Paola Cépeda  and  Sonia Cyrino },title={{Putting objects in order: Asymmetrical relations in Spanish and Portuguese ditransitives}},booktitle={{Datives structures in Romance and beyond}},editor={Anna Pineda and  Jaume Mateu  and  Ricardo Etxepare},publisher={Language Science Press.},Address={Berlin},year={\protect \kern +.1667em\relax 2019},pages={117--132},doi={??},options={skipbib=true,skiplab=true}}
@incollection{chapters/cornilescu,author={Alexandra Cornilescu  and  Irina Nicula},title={{Ditransitive constructions with DOM-ed direct objects in Romanian}},booktitle={{Datives structures in Romance and beyond}},editor={Anna Pineda and  Jaume Mateu  and  Ricardo Etxepare},publisher={Language Science Press.},Address={Berlin},year={\protect \kern +.1667em\relax 2019},pages={133--163},doi={??},options={skipbib=true,skiplab=true}}
@incollection{chapters/sheehan,author={Michelle Sheehan },title={{PCC effects in causatives and ditransitives and the dative/locative distinction}},booktitle={{Datives structures in Romance and beyond}},editor={Anna Pineda and  Jaume Mateu  and  Ricardo Etxepare},publisher={Language Science Press.},Address={Berlin},year={\protect \kern +.1667em\relax 2019},pages={165--190},doi={??},options={skipbib=true,skiplab=true}}
@incollection{chapters/franco,author={Ludovico Franco  and  Paolo Lorusso},title={{Aspectual datives (and instrumentals)}},booktitle={{Datives structures in Romance and beyond}},editor={Anna Pineda and  Jaume Mateu  and  Ricardo Etxepare},publisher={Language Science Press.},Address={Berlin},year={\protect \kern +.1667em\relax 2019},pages={193--221},doi={??},options={skipbib=true,skiplab=true}}
@incollection{chapters/tsedryk,author={Egor Tsedryk },title={{The modal side of the dative: From predicative possession to possessive modality}},booktitle={{Datives structures in Romance and beyond}},editor={Anna Pineda and  Jaume Mateu  and  Ricardo Etxepare},publisher={Language Science Press.},Address={Berlin},year={\protect \kern +.1667em\relax 2019},pages={223--254},doi={??},options={skipbib=true,skiplab=true}}
@incollection{chapters/fabregas,author={Antonio Fábregas  and  Rafael Marín},title={{Datives and stativity in psych predicates}},booktitle={{Datives structures in Romance and beyond}},editor={Anna Pineda and  Jaume Mateu  and  Ricardo Etxepare},publisher={Language Science Press.},Address={Berlin},year={\protect \kern +.1667em\relax 2019},pages={255--275},doi={??},options={skipbib=true,skiplab=true}}
@incollection{chapters/basilico,author={David Basilico},title={{When the applicative needs the antipassive}},booktitle={{Datives structures in Romance and beyond}},editor={Anna Pineda and  Jaume Mateu  and  Ricardo Etxepare},publisher={Language Science Press.},Address={Berlin},year={\protect \kern +.1667em\relax 2019},pages={279--297},doi={??},options={skipbib=true,skiplab=true}}
@incollection{chapters/jonsson,author={Jóhannes Jónsson  and  Rannveig Thórarinsdóttir},title={{Dative objects with novel verbs}},booktitle={{Datives structures in Romance and beyond}},editor={Anna Pineda and  Jaume Mateu  and  Ricardo Etxepare},publisher={Language Science Press.},Address={Berlin},year={\protect \kern +.1667em\relax 2019},pages={301--338},doi={??},options={skipbib=true,skiplab=true}}
@incollection{chapters/ledgeway,author={Adam Ledgeway and  Norma Schifano  and  Giuseppina Silvestri},title={{Microvariation in dative-marking in the Romance and Greek varieties of Southern Italy}},booktitle={{Datives structures in Romance and beyond}},editor={Anna Pineda and  Jaume Mateu  and  Ricardo Etxepare},publisher={Language Science Press.},Address={Berlin},year={\protect \kern +.1667em\relax 2019},pages={339--362},doi={??},options={skipbib=true,skiplab=true}}
@incollection{chapters/manzini,author={M. Rita Manzini},title={{Romance a-phrases and their clitic counterparts: agreement and mismatches}},booktitle={{Datives structures in Romance and beyond}},editor={Anna Pineda and  Jaume Mateu  and  Ricardo Etxepare},publisher={Language Science Press.},Address={Berlin},year={\protect \kern +.1667em\relax 2019},pages={363--386},doi={??},options={skipbib=true,skiplab=true}}
@incollection{chapters/royo,author={Carles Royo},title={{The accusative/dative alternation in Catalan verbs with Experiencer object}},booktitle={{Datives structures in Romance and beyond}},editor={Anna Pineda and  Jaume Mateu  and  Ricardo Etxepare},publisher={Language Science Press.},Address={Berlin},year={\protect \kern +.1667em\relax 2019},pages={387--414},doi={??},options={skipbib=true,skiplab=true}}
@incollection{chapters/cabre,author={Teresa Cabré  and  Antonio Fábregas},title={{Ways of being a dative across Romance varieties}},booktitle={{Datives structures in Romance and beyond}},editor={Anna Pineda and  Jaume Mateu  and  Ricardo Etxepare},publisher={Language Science Press.},Address={Berlin},year={\protect \kern +.1667em\relax 2019},pages={415--438},doi={??},options={skipbib=true,skiplab=true}}
