@book{ManziniSavoia2005,
	address = {Alessandria},
	author = {Manzini, M. Rita and Leonardo M. Savoia},
	publisher = {dell'Orso},
	title = {{I} {dialetti} {italiani} {e} {romanci:} {Morfosintassi} {generativa}, 3 vols},
	year = {2005}
}


@article{BelvindenDikken1997,
	author = {Belvin, Robert and den Dikken, Marcel},
	journal = {{Lingua}},
	number = {3-4},
	pages = {151â€“183},
	title = {There, Happens, To, Be, Have},
	volume = {101},
	year = {1997}
}