%% This BibTeX bibliography file was created using BibDesk.
%% http://bibdesk.sourceforge.net/

%% Created for Antonio FÃ¡bregas at 2018-04-20 13:19:31 +0200 


%% Saved with string encoding Unicode (UTF-8) 



@book{williams15,
	Address = {Cambridge},
	Author = {Alexander Williams},
	Date-Added = {2018-04-20 11:18:20 +0000},
	Date-Modified = {2018-04-20 11:18:20 +0000},
	Publisher = {Cambridge University Press},
	Title = {Arguments in syntax and semantics},
	Year = {2015}}

@article{rigau82,
	Author = {Gemma Rigau},
	Date-Added = {2018-04-20 11:17:23 +0000},
	Date-Modified = {2018-04-20 11:17:23 +0000},
	Journal = {Linguistic {I}nquiry},
	Number = {146-150},
	Title = {Inanimate indirect objects in Catalan},
	Year = {13}}

@inproceedings{naess09,
	Address = {Oxford},
	Author = {Ashild Naess},
	Booktitle = {The Oxford Handbook of Case},
	Date-Added = {2018-04-20 11:16:34 +0000},
	Date-Modified = {2018-04-20 11:16:34 +0000},
	Editor = {A. Spencer and A. Malchukov},
	Pages = {572-581},
	Publisher = {Oxford University Press},
	Title = {Varieties of dative},
	Year = {2009}}

@article{mooreperlmutter00,
	Author = {John Moore and David Perlmutter},
	Date-Added = {2018-04-20 11:15:22 +0000},
	Date-Modified = {2018-04-20 11:15:22 +0000},
	Journal = {Natural Language and Linguistic Theory},
	Pages = {373-416},
	Title = {What does it take to be a dative subject?},
	Volume = {18},
	Year = {2000}}

@book{leu15,
	Address = {Oxford},
	Author = {Tom Leu},
	Date-Added = {2018-04-20 11:14:14 +0000},
	Date-Modified = {2018-04-20 11:14:14 +0000},
	Publisher = {Oxford University Press},
	Title = {The architecture of determiners},
	Year = {2015}}

@book{croft17,
	Address = {Oxford},
	Author = {William Croft},
	Date-Added = {2018-04-20 11:13:28 +0000},
	Date-Modified = {2018-04-20 11:13:28 +0000},
	Publisher = {Oxford University Press},
	Title = {Verbs. Aspect and causal structure},
	Year = {2017}}

@article{cabrefabregasinpress,
	Author = {Teresa Cabr\'e and Antonio F\'abregas},
	Date-Added = {2018-04-20 11:12:33 +0000},
	Date-Modified = {2018-04-20 11:12:33 +0000},
	Journal = {The Linguistic Review},
	Title = {3rd person clitic combinations across Catalan varieties: consequences for the nature of the dative clitic},
	Year = {In press}}

@article{bonet95,
	Author = {Eul\`alia Bonet},
	Date-Added = {2018-04-20 11:11:38 +0000},
	Date-Modified = {2018-04-20 11:11:38 +0000},
	Journal = {Natural Language and Linguistic Theory},
	Number = {4},
	Pages = {607-647},
	Title = {Feature structure of {R}omance clitics},
	Volume = {13},
	Year = {1995}}

@inproceedings{bayer04,
	Address = {Amsterdam and Philadelphia},
	Author = {Josef Bayer},
	Booktitle = {Non nominative subjects},
	Date-Added = {2018-04-20 11:10:33 +0000},
	Date-Modified = {2018-04-20 11:10:33 +0000},
	Editor = {P. Bhashakarao and {K. V.} Subbarao },
	Pages = {31-58},
	Publisher = {John Benjamins},
	Title = {Non-nominative subjects in comparison},
	Year = {2004}}

@article{zaenenetal85,
	Author = {Zaenen, Annie and Joan Maling and Thr{\'a}insson, H{\"o}skuldur},
	Date-Added = {2018-04-20 11:08:55 +0000},
	Date-Modified = {2018-04-20 11:08:55 +0000},
	Journal = {Natural Language and Linguistic Theory},
	Keywords = {case, Icelandic, subject, passive, voice, argument structure, dative, unaccusative, middle},
	Pages = {441-483},
	Title = {Case and grammatical functions: The {I}celandic passive},
	Volume = {3},
	Year = {1985}}

@article{woolford06,
	Author = {Woolford, Ellen},
	Date-Added = {2018-04-20 11:08:36 +0000},
	Date-Modified = {2018-04-20 11:08:36 +0000},
	Journal = {Linguistic Inquiry},
	Number = {1},
	Pages = {111-130},
	Title = {Lexical case, inherent case, and argument structure},
	Volume = {37},
	Year = {2006}}

@book{wiltschko14,
	Address = {Cambridge},
	Author = {Martina Wiltschko},
	Date-Added = {2018-04-20 11:08:21 +0000},
	Date-Modified = {2018-04-20 11:08:21 +0000},
	Publisher = {Cambridge University Press},
	Title = {The Universal structure of categories},
	Year = {2014}}

@incollection{sportiche96,
	Address = {Dordrecht},
	Author = {Dominique Sportiche},
	Booktitle = {Phrase Structure and the Lexicon},
	Date-Added = {2018-04-20 11:07:44 +0000},
	Date-Modified = {2018-04-20 11:07:44 +0000},
	Editor = {Laura Zaring and Johan Rooryck},
	Pages = {213-276},
	Publisher = {Kluwer},
	Title = {Clitic constructions},
	Year = {1996}}

@inproceedings{schwarze01,
	Address = {Chicago},
	Author = {Christoph Schwarze},
	Booktitle = {Proceedings of the LFG 01 conference},
	Date-Added = {2018-04-20 11:07:20 +0000},
	Date-Modified = {2018-04-20 11:07:20 +0000},
	Editor = {Myriam Butt and {Tracy Holloway} King},
	Pages = {1-24},
	Publisher = {{CSLI} Publications},
	Title = {On the representation of French and Italian clitics},
	Year = {2001}}

@incollection{romero12,
	Address = {Oxford, New York},
	Author = {Juan Romero},
	Booktitle = {Variation in datives: a microcomparative perspective},
	Date-Added = {2018-04-20 11:06:53 +0000},
	Date-Modified = {2018-04-20 11:06:53 +0000},
	Editor = {Beatriz Fern\'andez and Ricardo Etxepare},
	Pages = {283-300},
	Publisher = {Oxford University Press},
	Title = {Accusative datives in {S}panish},
	Year = {2012}}

@inproceedings{rezac10,
	Address = {Oxford, New York},
	Author = {Milan Rezac},
	Booktitle = {Defective paradigms: missing forms and what they tell us},
	Date-Added = {2018-04-20 11:06:34 +0000},
	Date-Modified = {2018-04-20 11:06:34 +0000},
	Editor = {Matthew Baerman, Greville Corbett and Dunstan Brown},
	Pages = {151-180},
	Publisher = {Oxford University Press},
	Title = {Ineffability through modularity: gaps in the French clitic cluster},
	Year = {2010}}

@article{rigau78,
	Author = {Gemma Rigau},
	Date-Added = {2018-04-20 11:06:13 +0000},
	Date-Modified = {2018-04-20 11:06:13 +0000},
	Journal = {Els marges},
	Pages = {99-102},
	Title = {\textit{Hi} datiu inanimat},
	Volume = {12},
	Year = {1978}}

@book{richards10,
	Address = {Cambridge, Ma.},
	Author = {Richards, Norvin},
	Date-Added = {2018-04-20 11:05:57 +0000},
	Date-Modified = {2018-04-20 11:05:57 +0000},
	Publisher = {MIT Press},
	Title = {Uttering Trees},
	Year = {2010}}

@book{reuland11,
	Address = {Cambridge, {Mass.}},
	Author = {Eric Reuland},
	Date-Added = {2018-04-20 11:05:42 +0000},
	Date-Modified = {2018-04-20 11:05:42 +0000},
	Publisher = {{MIT} Press},
	Series = {Linguistic Inquiry Monographs},
	Title = {Anaphora and language design},
	Year = {2011}}

@article{ramchandsvenonius14,
	Author = {Gillian Ramchand and Peter Svenonius},
	Date-Added = {2018-04-20 11:05:26 +0000},
	Date-Modified = {2018-04-20 11:05:26 +0000},
	Journal = {Language Sciences},
	Pages = {152-174},
	Title = {Deriving the functional hierarchy},
	Volume = {46},
	Year = {2014}}

@article{pescarini07,
	Author = {Diego Pescarini},
	Date-Added = {2018-04-20 11:05:09 +0000},
	Date-Modified = {2018-04-20 11:05:09 +0000},
	Journal = {Anuario del seminario de filolog\'ia vasca Julio de Urquijo},
	Number = {2},
	Pages = {285-300},
	Title = {Types of syncretism in the clitic systems of Romance},
	Volume = {41},
	Year = {2007}}

@book{perlmutter71,
	Address = {New York},
	Annote = {Litt.liste, s. 135-137},
	Author = {Perlmutter, David M.},
	Date-Added = {2018-04-20 11:04:55 +0000},
	Date-Modified = {2018-04-20 11:04:55 +0000},
	Publisher = {Holt Rinehart and Winston},
	Series = {Transatlantic series in linguistics},
	Title = {Deep and surface structure constraints in syntax},
	Year = {1971}}

@article{ormazabalromero13,
	Author = {Javier Ormazabal and Juan Romero},
	Date-Added = {2018-04-20 11:04:40 +0000},
	Date-Modified = {2018-04-20 11:04:40 +0000},
	Journal = {Probus: International Journal of Latin and {R}omance Linguistics},
	Number = {2},
	Pages = {301-344},
	Title = {Object agreement, clitics and dialectal variation},
	Volume = {25},
	Year = {2013}}

@incollection{nevins12,
	Author = {Andrew Nevins},
	Booktitle = {The Morphology and Phonology of Exponence: The State of the Art},
	Date-Added = {2018-04-20 11:04:17 +0000},
	Date-Modified = {2018-04-20 11:04:17 +0000},
	Editor = {Jochen Trommer},
	Pages = {84-116},
	Publisher = {Oxford University Press},
	Title = {Haplological dissimilation at distinct stages of exponence},
	Year = {2012}}

@phdthesis{martin12,
	Author = {Jes\'us Mart\'in},
	Date-Added = {2018-04-20 11:03:28 +0000},
	Date-Modified = {2018-04-20 11:03:28 +0000},
	School = {NYU},
	Title = {Deconstructing {C}atalan object clitics},
	Year = {2012}}

@book{lopez12,
	Address = {Cambridge, {Mass.}},
	Author = {Luis L{\'o}pez},
	Date-Added = {2018-04-20 11:03:13 +0000},
	Date-Modified = {2018-04-20 11:03:13 +0000},
	Publisher = {{MIT} Press},
	Series = {Linguistic Inquiry Monographs},
	Title = {Indefinite objects: scrambling, choice functions and differential marking},
	Volume = {63},
	Year = {2012}}

@incollection{kayne10,
	Address = {Amsterdam and Philadelphia},
	Author = {Richard Kayne},
	Booktitle = {Romance languages and Linguistic theory 2008},
	Date-Added = {2018-04-20 11:02:05 +0000},
	Date-Modified = {2018-04-20 11:02:05 +0000},
	Editor = {Reineke Bok-Bennema, Brigitte Kampers-Manhe and Bart Hollebrandse},
	Pages = {145-170},
	Publisher = {John Benjamins},
	Title = {Toward a syntactic reinterpretation of {H}arris and {H}alle (2005)},
	Year = {2010}}

@article{grimshaw97,
	Author = {Grimshaw, Jane},
	Date-Added = {2018-04-20 11:01:42 +0000},
	Date-Modified = {2018-04-20 11:01:42 +0000},
	Journal = {Linguistic Inquiry},
	Number = {3},
	Pages = {373-422},
	Title = {Projection, Heads, and Optimality},
	Volume = {28},
	Year = {1997}}

@book{giorgi10,
	Address = {Oxford},
	Author = {Alessandra Giorgi},
	Date-Added = {2018-04-20 11:01:22 +0000},
	Date-Modified = {2018-04-20 11:01:22 +0000},
	Publisher = {Oxford University Press},
	Title = {About the speaker},
	Year = {2010}}

@unpublished{ferrazzano03,
	Author = {{Lisa Reisig} Ferrazzano},
	Date-Added = {2018-04-20 11:01:09 +0000},
	Date-Modified = {2018-04-20 11:01:09 +0000},
	Month = {April},
	Note = {Unpublished ms., CUNY graduate center},
	Title = {The morphology of \textit{ci} and its `distal' relative, \textit{vi}},
	Year = {2003}}

@phdthesis{cuervo03,
	Author = {Mar{{\'\i}}a Cristina Cuervo},
	Date-Added = {2018-04-20 11:00:55 +0000},
	Date-Modified = {2018-04-20 11:00:55 +0000},
	School = {Massachusetts Institute of Technology},
	Title = {Datives at large},
	Year = {2003}}

@article{bonet93,
	Author = {Eul\`alia Bonet},
	Date-Added = {2018-04-20 11:00:35 +0000},
	Date-Modified = {2018-04-20 11:00:35 +0000},
	Journal = {Catalan Working Papers in Linguistics},
	Number = {1},
	Pages = {85-111},
	Title = {3rd person pronominal clitics in dialects of Catalan},
	Volume = {3},
	Year = {1993}}

@phdthesis{bonet91,
	Address = {Cambridge, Ma.},
	Author = {Bonet, Eulalia},
	Date-Added = {2018-04-20 11:00:27 +0000},
	Date-Modified = {2018-04-20 11:00:27 +0000},
	School = {MIT},
	Title = {Morphology after Syntax: Pronominal Clitics in {R}omance},
	Year = {1991}}

@unpublished{alcaraz17,
	Author = {Alejo Alcaraz},
	Date-Added = {2018-04-20 10:59:55 +0000},
	Date-Modified = {2018-04-20 10:59:55 +0000},
	Note = {lingbuzz/003293},
	Title = {The spurious vs. dative problem},
	Year = {2017}}

@article{adgerharbour07,
	Author = {Adger, David and Harbour, Daniel},
	Date-Added = {2018-04-20 10:59:12 +0000},
	Date-Modified = {2018-04-20 10:59:12 +0000},
	Journal = {Syntax},
	Number = {1},
	Pages = {2-37},
	Title = {Syntax and syncretisms of the {P}erson {C}ase {C}onstraint},
	Volume = {10},
	Year = {2010}}
